%% NOTE: \LaTeX's comment character `%' is not a comment character in
%% the database files.  \BibTeX allows in the database files any
%% comment that's not within an entry.
%%
%% Repositorio de arquivos .bib disponiveis on-line:
%% http://liinwww.ira.uka.de/bibliography/index.html
%% http://www.math.utah.edu/~beebe/bibliographies.html
%%
%% Se voc� tiver problemas com acentos nas entradas do BibTeX, coloque-os
%% entre { e }, como em Jo{�}o ou ainda Jo{\~a}o.

%---------------------------------------------------------
% A A A
%---------------------------------------------------------

@article{abramson,
author = {Abramson, Charles},
year = {2013},
month = {03},
pages = {55-71},
title = {Problems of Teaching the Behaviorist Perspective in the Cognitive Revolution},
volume = {3},
journal = {Behavioral sciences (Basel, Switzerland)},
doi = {10.3390/bs3010055}
}

@misc{Achiam,
  title = {Advanced Policy Gradient Methods},
  author = {Joshua Achiam},
  howpublished = {Disponível para visualização em: \url{http://rail.eecs.berkeley.edu/deeprlcourse-fa17/f17docs/lecture_13_advanced_pg.pdf}},
  note = {Acessado em 15 nov. 2019.}
}

%---------------------------------------------------------
% B B B
%---------------------------------------------------------

%---------------------------------------------------------
% C C C
%---------------------------------------------------------

@Article{cobe18,
  title =	"Quantifying Generalization in Reinforcement Learning",
  author =	"Karl Cobbe and Oleg Klimov and Christopher Hesse and
		 Taehoon Kim and John Schulman",
  journal =	"CoRR",
  year = 	"2018",
  volume =	"abs/1812.02341",
  bibdate =	"2019-01-01",
  bibsource =	"DBLP,
		 http://dblp.uni-trier.de/db/journals/corr/corr1812.html#abs-1812-02341",
  URL =  	"http://arxiv.org/abs/1812.02341",
}

@misc{cobbe2019,
    title={Leveraging Procedural Generation to Benchmark Reinforcement Learning},
    author={Karl Cobbe and Christopher Hesse and Jacob Hilton and John Schulman},
    year={2019},
    eprint={1912.01588},
    archivePrefix={arXiv},
    primaryClass={cs.LG}
}

%---------------------------------------------------------
% D D D
%---------------------------------------------------------
@misc{deepmind,
  title = {Deep Reinforcement Learning},
  author = {David Silver},
  howpublished = {Disponível para visualização em: \url{https://deepmind.com/blog/article/deep-reinforcement-learning}},
  note = {Acessado em 13 nov. 2019.}
}

@misc{deepmindAbout,
  title = {Deep Mind},
  key = {Deep Mind},
  howpublished = {Disponível para visualização em: \url{https://deepmind.com/about}},
  note = {Acessado em 10 nov. 2019.}
}

@misc{deeplearningb,
  title = {Deep Learning Book},
  key = {Data Science Academy},
  howpublished = {Disponível para visualização em: \url{http://www.deeplearningbook.com.br}},
  note = {Acessado em 10 nov. 2019.}
}

%---------------------------------------------------------
% E E E
%---------------------------------------------------------

%---------------------------------------------------------
% F F F
%---------------------------------------------------------

%---------------------------------------------------------
% G G G
%---------------------------------------------------------
@book{gama11,
  title={Intelig{\^e}ncia artificial: uma abordagem de aprendizado de m{\'a}quina},
  author={Gama, J. and Faceli, K. and Lorena, A.C. and De Carvalho, A.C.P.L.F.},
  isbn={9788521618805},
  url={https://books.google.com.br/books?id=4DwelAEACAAJ},
  year={2011},
  publisher={Grupo Gen - LTC}
}

@book{gvgaibook2019,
    title={General Video Game Artificial Intelligence},
    author={Diego Perez-Liebana and Simon M. Lucas and Raluca D. Gaina and Julian Togelius and Ahmed Khalifa and Jialin Liu},
    journal={Synthesis Lectures on Games and Computational Intelligence},
    volume={3},
    pages={1--191},
    publisher={Morgan \& Claypool Publishers},
    note={\url{https://gaigresearch.github.io/gvgaibook/}},
    year={2019}
}

@misc{gymOpenai,
    title={OpenAI Gym},
    author={Greg Brockman and Vicki Cheung and Ludwig Pettersson and Jonas Schneider and John Schulman and Jie Tang and Wojciech Zaremba},
    year={2016},
    eprint={1606.01540},
    archivePrefix={arXiv},
    primaryClass={cs.LG}
}

%---------------------------------------------------------
% H H H
%---------------------------------------------------------
@Book{haylin99,
  author =	"S. Haykin",
  title =	"Neural Networks: {A} Comprehensive Introduction",
  publisher =	"Prentice Hall",
  year = 	"1999",
  bibsource =	"http://www.visionbib.com/bibliography/pattern647.html#TT55543",
}

@Article{hessel,
  title =	"Rainbow: Combining Improvements in Deep Reinforcement
		 Learning",
  author =	"Matteo Hessel and Joseph Modayil and Hado van Hasselt
		 and Tom Schaul and Georg Ostrovski and Will Dabney and
		 Daniel Horgan and Bilal Piot and Mohammad Gheshlaghi
		 Azar and David Silver",
  journal =	"CoRR",
  year = 	"2017",
  volume =	"abs/1710.02298",
  bibdate =	"2018-08-13",
  bibsource =	"DBLP,
		 http://dblp.uni-trier.de/db/journals/corr/corr1710.html#abs-1710-02298",
  URL =  	"http://arxiv.org/abs/1710.02298",
}

%---------------------------------------------------------
% I I I
%---------------------------------------------------------

%---------------------------------------------------------
% J J J
%---------------------------------------------------------
@misc{jonathanHuiRL,
  title = {RL: Introduction to Deep Reinforcement Learning},
  author = {Jonathan Hui},
  howpublished = {Disponível para visualização em: \url{https://medium.com/@jonathan_hui/rl-introduction-to-deep-reinforcement-learning-35c25e04c199}},
  note = {Acessado em 15 nov. 2019.}
}

@misc{jonathanHuiPPO,
  title = {RL: Proximal Policy Optimization (PPO) Explained},
  author = {Jonathan Hui},
  howpublished = {Disponível para visualização em: \url{https://medium.com/@jonathan_hui/rl-proximal-policy-optimization-ppo-explained-77f014ec3f12}},
  note = {Acessado em 15 nov. 2019.}
}

@InProceedings{Juliani19,
  title =	"Obstacle Tower: A Generalization Challenge in Vision,
		 Control, and Planning",
  author =	"Arthur Juliani and Ahmed Khalifa and Vincent-Pierre
		 Berges and Jonathan Harper and Ervin Teng and Hunter
		 Henry and Adam Crespi and Julian Togelius and Danny
		 Lange",
  bibdate =	"2019-08-07",
  bibsource =	"DBLP,
		 http://dblp.uni-trier.de/https://doi.org/10.24963/ijcai.2019/373;
		 DBLP,
		 http://dblp.uni-trier.de/db/conf/ijcai/ijcai2019.html#JulianiKBHTHCTL19",
  booktitle =	"Proceedings of the Twenty-Eighth International Joint
		 Conference on Artificial Intelligence, IJCAI 2019,
		 Macao, China, August 10-16, 2019",
  publisher =	"ijcai.org",
  year = 	"2019",
  editor =	"Sarit Kraus",
  pages =	"2684--2691",
}

@Article{justesen2018,
  title =	"Deep Learning for Video Game Playing",
  author =	"Niels Justesen and Philip Bontrager and Julian
		 Togelius and Sebastian Risi",
  journal =	"CoRR",
  year = 	"2017",
  volume =	"abs/1708.07902",
  bibdate =	"2018-08-13",
  bibsource =	"DBLP,
		 http://dblp.uni-trier.de/db/journals/corr/corr1708.html#abs-1708-07902",
  URL =  	"http://arxiv.org/abs/1708.07902",
}

%---------------------------------------------------------
% K K K
%---------------------------------------------------------
@article{krapfl,
author = {Krapfl, Jon},
year = {2016},
month = {04},
pages = {},
title = {Behaviorism and Society},
volume = {39},
journal = {The Behavior Analyst},
doi = {10.1007/s40614-016-0063-8}
}

@inproceedings{Krizhevsky12,
 author = {Krizhevsky, Alex and Sutskever, Ilya and Hinton, Geoffrey E.},
 title = {ImageNet Classification with Deep Convolutional Neural Networks},
 booktitle = {Proceedings of the 25th International Conference on Neural Information Processing Systems - Volume 1},
 series = {NIPS'12},
 year = {2012},
 location = {Lake Tahoe, Nevada},
 pages = {1097--1105},
 numpages = {9},
 url = {http://dl.acm.org/citation.cfm?id=2999134.2999257},
 acmid = {2999257},
 publisher = {Curran Associates Inc.},
 address = {USA},
} 
%---------------------------------------------------------
% L L L
%---------------------------------------------------------
@book{Lapan2018,
 author = {Lapan, Maxim},
 title = {Deep Reinforcement Learning Hands-On: Apply Modern RL Methods, with Deep Q-networks, Value Iteration, Policy Gradients, TRPO, AlphaGo Zero and More},
 year = {2018},
 isbn = {1788834240, 9781788834247},
 publisher = {Packt Publishing},
} 

@InProceedings{Lecun99,
  title =	"Object Recognition with Gradient-Based Learning",
  author =	"Yann LeCun and Patrick Haffner and L{\'e}on Bottou and
		 Yoshua Bengio",
  bibdate =	"2017-05-24",
  bibsource =	"DBLP,
		 http://dblp.uni-trier.de/https://doi.org/10.1007/3-540-46805-6_19;
		 DBLP,
		 http://dblp.uni-trier.de/db/conf/shape/shape1999.html#CunHBB99",
  publisher =	"Springer",
  year = 	"1999",
  volume =	"1681",
  booktitle =	"Shape, Contour and Grouping in Computer Vision",
  editor =	"David A. Forsyth and Joseph L. Mundy and Vito Di
		 Ges{\`u} and Roberto Cipolla",
  ISBN = 	"3-540-66722-9",
  pages =	"319",
  series =	"Lecture Notes in Computer Science",
}

@misc{lillicrap15,
    title={Continuous control with deep reinforcement learning},
    author={Timothy P. Lillicrap and Jonathan J. Hunt and Alexander Pritzel and Nicolas Heess and Tom Erez and Yuval Tassa and David Silver and Daan Wierstra},
    year={2015},
    eprint={1509.02971},
    archivePrefix={arXiv},
    primaryClass={cs.LG}
}
%---------------------------------------------------------
% M M M
%---------------------------------------------------------
@Article{Mnih13,
  title =	"Playing Atari with Deep Reinforcement Learning",
  author =	"Volodymyr Mnih and Koray Kavukcuoglu and David Silver
		 and Alex Graves and Ioannis Antonoglou and Daan
		 Wierstra and Martin A. Riedmiller",
  journal =	"CoRR",
  year = 	"2013",
  volume =	"abs/1312.5602",
  bibdate =	"2018-08-13",
  bibsource =	"DBLP,
		 http://dblp.uni-trier.de/db/journals/corr/corr1312.html#MnihKSGAWR13",
  URL =  	"http://arxiv.org/abs/1312.5602",
}

@article{mnih15,
author = {Mnih, Volodymyr and Kavukcuoglu, Koray and Silver, David and Rusu, Andrei and Veness, Joel and Bellemare, Marc and Graves, Alex and Riedmiller, Martin and Fidjeland, Andreas and Ostrovski, Georg and Petersen, Stig and Beattie, Charles and Sadik, Amir and Antonoglou, Ioannis and King, Helen and Kumaran, Dharshan and Wierstra, Daan and Legg, Shane and Hassabis, Demis},
year = {2015},
month = {02},
pages = {529-33},
title = {Human-level control through deep reinforcement learning},
volume = {518},
journal = {Nature},
doi = {10.1038/nature14236}
}

@misc{mnih16,
    title={Asynchronous Methods for Deep Reinforcement Learning},
    author={Volodymyr Mnih and Adrià Puigdomènech Badia and Mehdi Mirza and Alex Graves and Timothy P. Lillicrap and Tim Harley and David Silver and Koray Kavukcuoglu},
    year={2016},
    eprint={1602.01783},
    archivePrefix={arXiv},
    primaryClass={cs.LG}
}
%---------------------------------------------------------
% N N N
%---------------------------------------------------------
@Article{NassifSAAS19,
  title =	"Speech Recognition Using Deep Neural Networks: A
		 Systematic Review",
  author =	"Ali Bou Nassif and Ismail Shahin and Imtinan Attili
		 and Mohammad Azzeh and Khaled Shaalan",
  journal =	"IEEE Access",
  year = 	"2019",
  volume =	"7",
  bibdate =	"2019-03-11",
  bibsource =	"DBLP,
		 http://dblp.uni-trier.de/https://doi.org/10.1109/ACCESS.2019.2896880;
		 DBLP,
		 http://dblp.uni-trier.de/db/journals/access/access7.html#NassifSAAS19",
  pages =	"19143--19165",
}

@Article{nichol18,
  title =	"Gotta Learn Fast: A New Benchmark for Generalization
		 in RL",
  author =	"Alex Nichol and Vicki Pfau and Christopher Hesse and
		 Oleg Klimov and John Schulman",
  journal =	"CoRR",
  year = 	"2018",
  volume =	"abs/1804.03720",
  bibdate =	"2018-08-13",
  bibsource =	"DBLP,
		 http://dblp.uni-trier.de/db/journals/corr/corr1804.html#abs-1804-03720",
  URL =  	"http://arxiv.org/abs/1804.03720",
}

%---------------------------------------------------------
% O O O
%---------------------------------------------------------

@Article{otter2018,
  title =	"A Survey of the Usages of Deep Learning in Natural
		 Language Processing",
  author =	"Daniel W. Otter and Julian R. Medina and Jugal K.
		 Kalita",
  journal =	"CoRR",
  year = 	"2018",
  volume =	"abs/1807.10854",
  bibdate =	"2018-08-13",
  bibsource =	"DBLP,
		 http://dblp.uni-trier.de/db/journals/corr/corr1807.html#abs-1807-10854",
  URL =  	"http://arxiv.org/abs/1807.10854",
}

@misc{openaibaselines,
  title = {OpenAI Baselines: ACKTR \& A2C},
  author = {Yuhuai Wu and Elman Mansimov and Shun Liao and Alec Radford and John Schulman},
  howpublished = {Disponível para visualização em: \url{https://openai.com/blog/baselines-acktr-a2c/}},
  note = {Acessado em 02 nov. 2019.}
}
%---------------------------------------------------------
% P P P
%---------------------------------------------------------
@Article{perez18,
  title =	"General Video Game AI: a Multi-Track Framework for
		 Evaluating Agents, Games and Content Generation
		 Algorithms",
  author =	"Diego P{\'e}rez-Li{\'e}bana and Jialin Liu and
		 Ahmed Khalifa and Raluca D. Gaina and Julian Togelius
		 and Simon M. Lucas",
  journal =	"CoRR",
  year = 	"2018",
  volume =	"abs/1802.10363",
  bibdate =	"2018-08-29",
  bibsource =	"DBLP,
		 http://dblp.uni-trier.de/db/journals/corr/corr1802.html#abs-1802-10363",
  URL =  	"http://arxiv.org/abs/1802.10363",
}
%---------------------------------------------------------
% Q Q Q
%---------------------------------------------------------

%---------------------------------------------------------
% R R R
%---------------------------------------------------------
@article{rumelhart86,
  added-at = {2019-05-21T10:10:49.000+0200},
  author = {Rumelhart, David E. and Hinton, Geoffrey E. and Williams, Ronald J.},
  biburl = {https://www.bibsonomy.org/bibtex/2a392597c4f9cff2cd3c96c2191fa1eb6/sxkdz},
  doi = {10.1038/323533a0},
  interhash = {c354bc293fa9aa7caffc66d40a014903},
  intrahash = {a392597c4f9cff2cd3c96c2191fa1eb6},
  journal = {Nature},
  keywords = {imported},
  number = 6088,
  pages = {533--536},
  timestamp = {2019-05-21T10:10:49.000+0200},
  title = {{Learning Representations by Back-propagating Errors}},
  url = {http://www.nature.com/articles/323533a0},
  volume = 323,
  year = 1986
}


@article{rummery94,
author = {Rummery, G. and Niranjan, Mahesan},
year = {1994},
month = {11},
pages = {},
title = {On-Line Q-Learning Using Connectionist Systems},
journal = {Technical Report CUED/F-INFENG/TR 166}
}

@Book{Russell95,
  author =	"S. Russell and P. Norvig",
  title =	"Artificial Intelligence a Modern Approach",
  series =	"AI",
  publisher =	"Prentice Hall",
  year = 	"1995",
  keywords =	"book, text, c1995, c199x, c19xx, L3REF, AI, machine
		 learning, Bayesian, causal, belief network, networks,
		 net, nets, zz1000",
  abstract =	"8 sections, 27 chapters. Used in 3rd yr A.I. '99... .
		 1. AI; 2. Problem solving; 3. Knowledge and reasoning;
		 4. acting logically; 5. uncertainty; 6. learning; 7.
		 communication (agents); 8. Conclusions. Section 5,
		 chapter 15 includes Bayesian nets. 2nd ed c2003, pb,
		 http://www.amazon.com/gp/product/0131038052/?tag=fourwheeldrivein
		 ; .",
}

%---------------------------------------------------------
% S S S
%---------------------------------------------------------
@Article{Salimans2017,
  title =	"Evolution Strategies as a Scalable Alternative to
		 Reinforcement Learning",
  author =	"Tim Salimans and Jonathan Ho and Xi Chen 0022 and Ilya
		 Sutskever",
  journal =	"CoRR",
  year = 	"2017",
  volume =	"abs/1703.03864",
  bibdate =	"2018-09-16",
  bibsource =	"DBLP,
		 http://dblp.uni-trier.de/db/journals/corr/corr1703.html#SalimansHCS17",
  URL =  	"http://arxiv.org/abs/1703.03864",
}

@Article{Samuel59,
  author =	"Arthur L. Samuel",
  title =	"Some Studies in Machine Learning Using the Game of
		 Checkers",
  journal =	"IBM Journal of Research and Development",
  volume =	"3",
  year = 	"1959",
  annote =	"uncertainty of combinations represented as 2D decision
		 tables.",
}

@phdthesis{santamaria2018,
author = {Santa Maria, Tiago and da Silva Castro, Thiago},
year = {2018},
month = {07},
pages = {},
school = {Instituto Federal de Educação, Ciência e Tecnologia do Sudeste de Minas Gerais},
title = {Controle e Simulação de Robôs Utilizando Topologia de Redes Neuroevolutivas - NEAT},
doi = {10.13140/RG.2.2.17248.74247}
}

@article{schaul11,
  author    = {Tom Schaul and
               Julian Togelius and
               J{\"{u}}rgen Schmidhuber},
  title     = {Measuring Intelligence through Games},
  journal   = {CoRR},
  volume    = {abs/1109.1314},
  year      = {2011},
  url       = {http://arxiv.org/abs/1109.1314},
  archivePrefix = {arXiv},
  eprint    = {1109.1314},
  timestamp = {Mon, 13 Aug 2018 16:46:13 +0200},
  biburl    = {https://dblp.org/rec/bib/journals/corr/abs-1109-1314},
  bibsource = {dblp computer science bibliography, https://dblp.org}
}

@InProceedings{Schaul13,
author = {Tom Schaul},
title = {A Video Game Description Language for Model-based or Interactive Learning},
booktitle = {Proceedings of the IEEE Conference on Computational Intelligence in Games},
publisher={IEEE Press},
address = {Niagara Falls},
year = {2013}}

@misc{sakurai,
  title = {Implementando a estrutura de uma Rede Neural Convolucional utilizando o MapReduce do Spark},
  howpublished = {Disponível para visualização em: \url{http://rafaelsakurai.github.io/cnn-mapreduce/}},
  note = {Acessado em 13 nov. 2019.}
}

@misc{seita,
  title = {Notes on the Generalized Advantage Estimation Paper},
  author = {Daniel Seita},
  howpublished = {Disponível para visualização em: \url{https://danieltakeshi.github.io/2017/04/02/notes-on-the-generalized-advantage-estimation-paper/}},
  note = {Acessado em 16 nov. 2019.}
}


@Article{Schulman15,
  title =	"Trust Region Policy Optimization",
  author =	"John Schulman and Sergey Levine and Philipp Moritz and
		 Michael I. Jordan and Pieter Abbeel",
  journal =	"CoRR",
  year = 	"2015",
  volume =	"abs/1502.05477",
  bibdate =	"2018-08-13",
  bibsource =	"DBLP,
		 http://dblp.uni-trier.de/db/journals/corr/corr1502.html#SchulmanLMJA15",
  URL =  	"http://arxiv.org/abs/1502.05477",
}

@InProceedings{Schulman16,
  title =	"High-Dimensional Continuous Control Using Generalized
		 Advantage Estimation",
  author =	"John Schulman and Philipp Moritz and Sergey Levine and
		 Michael I. Jordan and Pieter Abbeel",
  bibdate =	"2019-07-25",
  bibsource =	"DBLP,
		 http://dblp.uni-trier.de/db/conf/iclr/iclr2016.html#SchulmanMLJA15",
  booktitle =	"4th International Conference on Learning
		 Representations, ICLR 2016, San Juan, Puerto Rico, May
		 2-4, 2016, Conference Track Proceedings",
  year = 	"2016",
  editor =	"Yoshua Bengio and Yann LeCun",
  URL =  	"http://arxiv.org/abs/1506.02438",
}

@Article{Schulman17,
  title =	"Proximal Policy Optimization Algorithms",
  author =	"John Schulman and Filip Wolski and Prafulla Dhariwal
		 and Alec Radford and Oleg Klimov",
  journal =	"CoRR",
  year = 	"2017",
  volume =	"abs/1707.06347",
  bibdate =	"2018-08-13",
  bibsource =	"DBLP,
		 http://dblp.uni-trier.de/db/journals/corr/corr1707.html#SchulmanWDRK17",
  URL =  	"http://arxiv.org/abs/1707.06347",
}

@Article{Silver16,
  author =	"D. Silver and et al ... and D. Hassabis",
  title =	"Mastering the game of Go with deep neural networks and
		 tree search",
  journal =	"Nature",
  volume =	"529,",
  pages =	"484--489",
  month =	jan,
  year = 	"2016",
  keywords =	"jrnl, c2016, c201x, c20xx, zz0216, AI, ANN, NN,
		 artificial neural network, Go, Fan Hui, game, policy,
		 value, google, DeepMind, AlphaGo",
}
@Book{sutton-barto98,
  author =	"R. S. Sutton and A. G. Barto",
  title =	"Reinforcement Learning: An Introduction",
  publisher =	"The \uppercase{MIT} Press",
  year = 	"1998",
  address =	"Cambridge, MA",
}


%---------------------------------------------------------
% T T T
%---------------------------------------------------------


@Article{torrado18,
  title =	"Deep Reinforcement Learning for General Video Game
		 AI",
  author =	"Ruben Rodriguez Torrado and Philip Bontrager and
		 Julian Togelius and Jialin Liu 0001 and Diego
		 P{\'e}rez-Li{\'e}bana",
  journal =	"CoRR",
  year = 	"2018",
  volume =	"abs/1806.02448",
  bibdate =	"2018-08-29",
  bibsource =	"DBLP,
		 http://dblp.uni-trier.de/db/journals/corr/corr1806.html#abs-1806-02448",
  URL =  	"http://arxiv.org/abs/1806.02448",
}
%---------------------------------------------------------
% U U U
%---------------------------------------------------------

%---------------------------------------------------------
% V V V
%---------------------------------------------------------

%---------------------------------------------------------
% W W W
%---------------------------------------------------------
@Article{Watkins92,
  author =	"Christopher J. C. H. Watkins and Peter Dayan",
  title =	"Technical Note {Q}-Learning",
  journal =	"Machine Learning",
  volume =	"8",
  year = 	"1992",
  pages =	"279",
}
%---------------------------------------------------------
% X X X
%---------------------------------------------------------

%---------------------------------------------------------
% Y Y Y
%---------------------------------------------------------

%---------------------------------------------------------
% Z Z Z
%---------------------------------------------------------

@article{pathak,
   title={Curiosity-Driven Exploration by Self-Supervised Prediction},
   ISBN={9781538607336},
   url={http://dx.doi.org/10.1109/CVPRW.2017.70},
   DOI={10.1109/cvprw.2017.70},
   journal={2017 IEEE Conference on Computer Vision and Pattern Recognition Workshops (CVPRW)},
   publisher={IEEE},
   author={Pathak, Deepak and Agrawal, Pulkit and Efros, Alexei A. and Darrell, Trevor},
   year={2017},
   month={Jul}
}

@misc{curiositylarge,
    title={Large-Scale Study of Curiosity-Driven Learning},
    author={Yuri Burda and Harri Edwards and Deepak Pathak and Amos Storkey and Trevor Darrell and Alexei A. Efros},
    year={2018},
    eprint={1808.04355},
    archivePrefix={arXiv},
    primaryClass={cs.LG}
}